<?xml version="1.0" encoding="UTF-8"?><collection xmlns="http://www.loc.gov/MARC21/slim"><record><leader>00459nam--2200145-i-4500</leader><controlfield tag="001">000036000</controlfield><controlfield tag="002">20161230</controlfield><controlfield tag="005">20161230201040</controlfield><controlfield tag="008">060222s1000------------r-----000-0-eng-d</controlfield><datafield ind1=" " ind2=" " tag="080"><subfield code="a">001.891(069)</subfield></datafield><datafield ind1=" " ind2=" " tag="245"><subfield code="a">On scientific discovery. the erice lecture 1977</subfield></datafield><datafield ind1=" " ind2=" " tag="260"><subfield code="a">Holland/Boston, D.Reidel Publ.Co., 1977, Vi + 333p</subfield></datafield><datafield ind1=" " ind2=" " tag="490"><subfield code="a">Boston Studies In The Phylosophy Of Sci</subfield></datafield><datafield ind1=" " ind2=" " tag="700"><subfield code="a">Grmek, Mirko Drazen., Cohen, Robert S.And Cimino, Guido</subfield></datafield><datafield ind1=" " ind2=" " tag="852"><subfield code="a">48670</subfield></datafield></record></collection>